<record><leader>00000cas a22000007a 4500</leader><controlfield tag="001">13724574</controlfield><controlfield tag="008">860612d18841901pauwr ne      0    0eng d</controlfield><datafield ind1=" " ind2=" " tag="010"><subfield code="a">sn 87078422 </subfield></datafield><datafield ind1=" " ind2=" " tag="040"><subfield code="a">NPH</subfield><subfield code="b">eng</subfield><subfield code="c">NPH</subfield><subfield code="d">OCLCQ</subfield></datafield><datafield ind1=" " ind2=" " tag="042"><subfield code="a">msc</subfield></datafield><datafield ind1="0" ind2=" " tag="130"><subfield code="a">Citizen-press (Franklin, Pa.)</subfield></datafield><datafield ind1="1" ind2="0" tag="245"><subfield code="a">Citizen-press.</subfield></datafield><datafield ind1=" " ind2=" " tag="260"><subfield code="a">Franklin, Pa. :</subfield><subfield code="b">E.W. Smiley &amp; Co.,</subfield><subfield code="c">1884-1901.</subfield></datafield><datafield ind1=" " ind2=" " tag="300"><subfield code="a">v. ;</subfield><subfield code="c">57 cm.</subfield></datafield><datafield ind1=" " ind2=" " tag="310"><subfield code="a">Weekly</subfield></datafield><datafield ind1="0" ind2=" " tag="362"><subfield code="a">Vol. 30, no. 1 (Jan. 3, 1884)-v. 47, no. 13 (Mar. 28, 1901).</subfield></datafield><datafield ind1=" " ind2=" " tag="500"><subfield code="a">"Official paper of Venango County."</subfield></datafield><datafield ind1=" " ind2=" " tag="580"><subfield code="a">Also issued in daily eds. called: Evening news (Franklin, Pa.), 1884-1896; Franklin evening news, 1896-1901.</subfield></datafield><datafield ind1=" " ind2=" " tag="752"><subfield code="a">United States</subfield><subfield code="b">Pennsylvania</subfield><subfield code="c">Venango</subfield><subfield code="d">Franklin.</subfield></datafield><datafield ind1="1" ind2=" " tag="775"><subfield code="t">Evening news (Franklin, Pa.)</subfield><subfield code="w">(DLC)sn 87080563</subfield></datafield><datafield ind1="1" ind2=" " tag="775"><subfield code="t">Franklin evening news</subfield><subfield code="w">(DLC)sn 87078421</subfield></datafield><datafield ind1="0" ind2="4" tag="780"><subfield code="t">Venango citizen</subfield><subfield code="w">(DLC)sn 83032088</subfield></datafield><datafield ind1="0" ind2="4" tag="780"><subfield code="t">Independent press (Franklin, Pa.)</subfield><subfield code="w">(DLC)sn 86053460</subfield></datafield><datafield ind1="0" ind2="0" tag="785"><subfield code="t">Venango citizen-press</subfield><subfield code="w">(DLC)sn 87078425</subfield></datafield></record>